<?xml version="1.0" encoding="UTF-8"?><record xmlns="http://www.loc.gov/MARC21/slim" xmlns:cinclude="http://apache.org/cocoon/include/1.0" xmlns:zs="http://www.loc.gov/zing/srw/">
  <leader>00331nz  a2200121n  4500</leader>
  <controlfield tag="001">n  00089494 </controlfield>
  <controlfield tag="003">DLC</controlfield>
  <controlfield tag="005">20000524120129.0</controlfield>
  <controlfield tag="008">000524n| acannaabn          |n aaa      </controlfield>
  <datafield tag="010" ind1=" " ind2=" ">
    <subfield code="a">n  00089494 </subfield>
  </datafield>
  <datafield tag="040" ind1=" " ind2=" ">
    <subfield code="a">DLC</subfield>
    <subfield code="b">eng</subfield>
    <subfield code="c">DLC</subfield>
  </datafield>
  <datafield tag="100" ind1="1" ind2=" ">
    <subfield code="a">MaĚntynen, Pentti J.</subfield>
  </datafield>
  <datafield tag="670" ind1=" " ind2=" ">
    <subfield code="a">Havia, Jari P. Liputusopas, 1998:</subfield>
    <subfield code="b">verso t.p. (Pentti J. MaĚntynen)</subfield>
  </datafield>
</record>